<?xml version="1.0" encoding="UTF-8"?><collection xmlns="http://www.loc.gov/MARC21/slim"><record><leader>00379nam--2200145-i-4500</leader><controlfield tag="001">000049582</controlfield><controlfield tag="002">20161230</controlfield><controlfield tag="005">20170113150832</controlfield><controlfield tag="008">060222s1000------------r-----000-0-eng-d</controlfield><datafield ind1=" " ind2=" " tag="100"><subfield code="a">Allen, L</subfield></datafield><datafield ind1=" " ind2=" " tag="245"><subfield code="a">Astrofizika. Iadernye reakcii, vnutrenee stroenie zvezd i tumannost</subfield></datafield><datafield ind1=" " ind2=" " tag="260"><subfield code="a">Moskva</subfield><subfield code="b">Inlitizda</subfield><subfield code="c">1957</subfield></datafield><datafield ind1=" " ind2=" " tag="300"><subfield code="a">326 S</subfield></datafield><datafield ind1=" " ind2=" " tag="852"><subfield code="a">4885</subfield></datafield><datafield ind1=" " ind2=" " tag="CAT"><subfield code="a">SYS</subfield><subfield code="c">20170113</subfield><subfield code="h">150832</subfield></datafield></record></collection>